@article{paper1,
    author = "Porter, Martin F.",
    year = "1980",
    title = "{A}n algorithm for suffix stripping",
    pages = "\enspace pp. 130--137",
    volume = "\textit{Program} 14.3",
    howpublished = "\url{http://tartarus.org/martin/PorterStemmer/def.txt}"
}

@ONLINE{link1,
    title = {{List of English Stop Words}},
    howpublished = "\url{http://xpo6.com/list-of-english-stop-words/}"
}

@ONLINE{link2,
    title = {{HSL Colors}},
    howpublished = "\url{http://www.css3.info/preview/hsl/}"
}

@ONLINE{link3,
    howpublished = "\url{https://docs.python.org/3/tutorial/datastructures.html}"
}

@ONLINE{link4,
    howpublished = "\url{https://docs.python.org/2/library/string.html}"
}

@ONLINE{link5,
    howpublished = "\url{http://www.vpython.org/webdoc/visual/display.html}"
}

@ONLINE{link6,
    title = {{Modifying global variable with same name as local variable}},
    howpublished = "\url{http://stackoverflow.com/questions/10235973/modifying-global-variable-with-same-name-as-local-variable}"
}

@ONLINE{link7,
    title = {{Best way to randomize a list of strings in Python}},
    howpublished = "\url{http://stackoverflow.com/questions/1022141/best-way-to-randomize-a-list-of-strings-in-python}"
}
